<?xml version="1.0" encoding="UTF-8"?><collection xmlns="http://www.loc.gov/MARC21/slim"><record><leader>00644nam--2200193-i-4500</leader><controlfield tag="001">000010137</controlfield><controlfield tag="002">20161230</controlfield><controlfield tag="005">20161230201028</controlfield><controlfield tag="008">060222s1000------------r-----000-0-eng-d</controlfield><datafield ind1=" " ind2=" " tag="040"><subfield code="a">IFIN-HH</subfield></datafield><datafield ind1=" " ind2=" " tag="080"><subfield code="a">539.1:523</subfield></datafield><datafield ind1="1" ind2=" " tag="100"><subfield code="a">Chretien, M</subfield></datafield><datafield ind1="1" ind2="0" tag="245"><subfield code="a">Atomic physics and astrophysics</subfield><subfield code="b">Volume 1 brandeis university summer institute in theoretical physics, 1969</subfield><subfield code="c">M. chretien, e. lipworth (eds.)</subfield></datafield><datafield ind1=" " ind2=" " tag="260"><subfield code="a">1971</subfield><subfield code="b">Gordon And Breach Science Publishers</subfield></datafield><datafield ind1=" " ind2=" " tag="300"><subfield code="a">XII + 216 P</subfield></datafield><datafield ind1=" " ind2=" " tag="490"><subfield code="a">Brandeis University Summer Institute In Theoretical Physics</subfield></datafield><datafield ind1="1" ind2=" " tag="700"><subfield code="a">Lipworth, E</subfield><subfield code="e">Ed</subfield></datafield><datafield ind1=" " ind2=" " tag="852"><subfield code="a">36650</subfield><subfield code="c">539</subfield></datafield><datafield ind1=" " ind2=" " tag="CAT"><subfield code="a">Sys</subfield><subfield code="c">20111010</subfield><subfield code="h">100615</subfield></datafield></record></collection>